@misc{brfss2021,
  author       = {Centers for Disease Control and Prevention (CDC)},
  title        = {Behavioral Risk Factor Surveillance System (BRFSS) 2021 Annual Data},
  year         = {2021},
  howpublished = {\url{https://www.cdc.gov/brfss/annual_data/annual_2021.html}},
  note         = {Accessed: 2025-01-16}
}

@misc{wikipedia_base_rate_fallacy,
  author = {Wikipedia},
  title = {Base rate fallacy},
  year = {2023},
  url = {https://en.wikipedia.org/wiki/Base_rate_fallacy},
  note = {Acesso em 21 de janeiro de 2025}
}
